@book{feller,
  author = {Feller, William},
  title = {An Introduction to Probability Theory and Its Applications},
  Volume = {1},
  year = 1968,
  edition ={3rd},
  publisher = {Wiley}
}


@book{Epstein,
  author = {Epstein, R. A.},
  title = {The Theory of Gambling and Statistical Logic},
  year = 2009,
  edition ={2nd},
  publisher = {Elsevier}
}


@ARTICLE{Thorp,
    title={Optimal Gambling Systems for Favorable Games},
    year={1969},
    author={Edward O. Thorp},
    Volume= {37}, 
    journal = {Revue de l'Institut International de Statistique / Review of the International Statistical Institute},
    number = {3},
    pages = {273--293},
    publisher = {[International Statistical Institute (ISI), Wiley]}
}

@book{chances,
  author = {Ethier, S. N.},
  title = {The doctrine of chances: Probabilistic aspects of gambling},
  year = 2008,
  publisher = {Springer}
}

@article{history,
author = {Song, Seongjoo and Song, Jongwoo},
year = {2013},
month = {03},
title = {A Note on the History of the Gambler's Ruin Problem},
volume = {20},
journal = {Communications for Statistical Applications and Methods},
}

@book{kulkarni,
    author = {V. Kulkarni},
    title = {Modeling and Analysis of Stochastic Systems},
    publisher = {CRC Press},
    year = {2010}
}


@ARTICLE{Ross_1974,title={Dynamic Programming and Gambling Models},year={1974},author={Sheldon M. Ross},journal={Advances in Applied Probability}}

@ARTICLE{Finkelstein_1981,title={Optimal strategies for repeated games },year={1981},author={Mark Finkelstein and Robert Whitley},journal={Advances in Applied Probability}}

@ARTICLE{Breiman_1961,title={Optimal Gambling Systems for Favorable Games},year={1961},author={Leo Breiman},  journal={University of California Press} }

@ARTICLE{Schweinsberg_2005,title={Improving on bold play when the gambler is restricted},year={2005},author={Jason Schweinsberg}, journal={Journal of Applied Probability}}


@ARTICLE{Ethier_1982,title={Testing for Favorable Numbers on a Roulette Wheel},year={1982},author={Stewart N. Ethier},journal={Journal of the American Statistical Association}}


@article{Smith,
    author = {G.J. Smith} ,
    title = {Optimal strategy at roulette},
    journal = {Z. Wahrscheinlichkeitstheorie verw Gebiete},
    year = 1967,
    volume = 8,
    pages = {273--293}
}



@misc{martínez2016,
      title={Biased Roulette Wheel: A Quantitative Trading Strategy Approach}, 
      author={Giancarlo Salirrosas Martínez},
      year={2016},
      archivePrefix={arXiv},
      primaryClass={q-fin.CP}
}


@book{Dubins,
    author = {L. E. Dubins and L. J. Savage},
    title = {How to gamble if you must: Inequalities for Stochastic Processes},
    publisher = {New York: McGraw-Hill},
    year = 1965

}

@book{Agresti,
    author = {A. Agresti},
    title = {Categorical Data Analysis},
    publisher = {John Wiley \& Sons, Inc.},
    edition ={2nd},
    year = 2002
}

@article{Kelly,
    author = {J. L. Kelly},
    title = {A New Interpretation of Information Rate},
    journal = {Bell System Technical Journal},
    year = 1956,
    pages = {917-926}
}
@article{Wilkins,
    author = {J. E. Wilkins},
    title = {The bold strategy in presence of a house limit},
    journal = {Proceedings of the American Mathematical Society},
    year = 1972,
    pages = {567–570}
}


@article{Yao,
 author = {Robert W. Chen and Larry A. Shepp and Yi-Ching Yao and Cun-Hui Zhang},
 journal = {Journal of Applied Probability},
 publisher = {Applied Probability Trust},
 title = {On Optimality of Bold Play for Primitive Casinos in the Presence of Inflation},
 year = {2005}
}
